@online{doxygen-headers,
    title = {Where to put the doxygen comment blocks for an internal library -
             in H or in CPP files?},
    author = {Singulus},
    url = {
           https://stackoverflow.com/questions/355619/where-to-put-the-doxygen-comment-blocks-for-an-internal-library-in-h-or-in-cpp
           },
    date = {2008-12-10},
    urldate = {2023-11-20},
}

@online{qnx-dir-structure,
    title = {Structure of a multiplatform source tree},
    author = {QNX},
    url = {
           https://www.qnx.com/developers/docs/7.0.0/index.html#com.qnx.doc.neutrino.prog/topic/make_convent_STRUCTURE.html
           },
    urldate = {2023-11-20},
    date = {2021-01-14},
}

@image{agile,
    title = {Agile software development},
    author = {Miguel Fraguela},
    date = {2017-11-07},
    url = {
           https://external-content.duckduckgo.com/iu/?u=https%3A%2F%2Fmiro.medium.com%2Fmax%2F2800%2F1*hqME940w9qBYhuPcUDG4BQ.png&f=1&nofb=1&ipt=96d93dad2715c40d1ff01fd2fb95ca91c792d443a333ba99196b19fa82528b65&ipo=images
           },
    urldate = {2023-11-20},
}

@image{vmodel,
    title = {V model software development methodology scheme},
    author = {Kostiantyn},
    url = {
           https://cdn4.vectorstock.com/i/1000x1000/57/48/v-model-software-development-methodology-scheme-vector-34705748.jpg
           },
    urldate = {2023-11-20},
}

@image{docker-kernel-incompat,
    title = {Docker for RTOS?},
    author = {Sven Dowideit},
    url = {https://forums.docker.com/t/docker-for-rtos/283/3},
    date = {2014-10-22},
    urldate = {2023-11-20},
}

@report{telemetry-format,
    title = {CU InSpace Radio Packet Format},
    url = {
           https://github.com/CarletonURocketry/telemetry-format/blob/gh-pages/radio_packet_format.pdf
           },
    author = {Samuel Dewan and Matteo Golin},
    urldate = {2023-11-21},
    date = {2021-10-10},
}

@report{sd-format,
    title = {CU InSpace Data Logging Format},
    url = {
           https://github.com/CarletonURocketry/telemetry-format/blob/gh-pages/data_logging_format.pdf
           },
    author = {Samuel Dewan and Matteo Golin},
    urldate = {2023-11-21},
    date = {2021-10-10},
}
